% This file was created with JabRef 2.9.2.
% Encoding: Cp1252

@ARTICLE{bendixen2008rapid,
  author = {Bendixen, Alexandra and Prinz, Wolfgang and Horv{\'a}th, J{\'a}nos
	and Trujillo-Barreto, Nelson J and Schr{\"o}ger, Erich},
  title = {Rapid extraction of auditory feature contingencies},
  journal = {Neuroimage},
  year = {2008},
  volume = {41},
  pages = {1111--1119},
  number = {3},
  publisher = {Elsevier}
}

@ARTICLE{brent1996distributional,
  author = {Brent, Michael R and Cartwright, Timothy A},
  title = {Distributional regularity and phonotactic constraints are useful
	for segmentation},
  journal = {Cognition},
  year = {1996},
  volume = {61},
  pages = {93--125},
  number = {1},
  publisher = {Elsevier}
}

@ARTICLE{drake2001quest,
  author = {Drake, Carolyn and Bertrand, Daisy},
  title = {The quest for universals in temporal processing in music},
  journal = {Annals of the New York Academy of Sciences},
  year = {2001},
  volume = {930},
  pages = {17--27},
  number = {1},
  publisher = {Wiley Online Library}
}

@BOOK{fitts1967human,
  title = {Human performance.},
  publisher = {Brooks/Cole},
  year = {1967},
  author = {Fitts, Paul Morris and Posner, Michael I}
}

@ARTICLE{goldman1958speech,
  author = {Goldman-Eisler, Frieda},
  title = {Speech production and the predictability of words in context},
  journal = {Quarterly Journal of Experimental Psychology},
  year = {1958},
  volume = {10},
  pages = {96--106},
  number = {2},
  publisher = {Taylor \& Francis}
}

@BOOK{kozulin2003vygotsky,
  title = {Vygotsky's educational theory in cultural context},
  publisher = {Cambridge University Press},
  year = {2003},
  author = {Kozulin, Alex}
}

@ARTICLE{levelt1983monitoring,
  author = {Levelt, Willem JM},
  title = {Monitoring and self-repair in speech},
  journal = {Cognition},
  year = {1983},
  volume = {14},
  pages = {41--104},
  number = {1},
  publisher = {Elsevier}
}

@ARTICLE{naatanen1978early,
  author = {N{\"a}{\"a}t{\"a}nen, R and Gaillard, Anthony WK and M{\"a}ntysalo,
	S},
  title = {Early selective-attention effect on evoked potential reinterpreted},
  journal = {Acta psychologica},
  year = {1978},
  volume = {42},
  pages = {313--329},
  number = {4},
  publisher = {Elsevier}
}

@ARTICLE{paavilainen2007preattentive,
  author = {Paavilainen, Petri and Araj{\"a}rvi, Paula and Takegata, Rika},
  title = {Preattentive detection of nonsalient contingencies between auditory
	features},
  journal = {Neuroreport},
  year = {2007},
  volume = {18},
  pages = {159--163},
  number = {2},
  publisher = {LWW}
}

@ARTICLE{postma2000detection,
  author = {Postma, Albert},
  title = {Detection of errors during speech production: A review of speech
	monitoring models},
  journal = {Cognition},
  year = {2000},
  volume = {77},
  pages = {97--132},
  number = {2},
  publisher = {Elsevier}
}

@ARTICLE{saffran1996word,
  author = {Saffran, Jenny R and Newport, Elissa L and Aslin, Richard N},
  title = {Word segmentation: The role of distributional cues},
  journal = {Journal of memory and language},
  year = {1996},
  volume = {35},
  pages = {606--621},
  number = {4},
  publisher = {Elsevier}
}

@BOOK{whitmore2009coaching,
  title = {Coaching for performance: Growing human potential and purpose},
  publisher = {Nicholas Brealey Pub},
  year = {2009},
  author = {Whitmore, John}
}

